@book{Luckham05,
   author = {David Luckham},
   title = {The Power Of Events},
   publisher = {Addison Wesley},
   year = {2005}
}

@book{Morville05,
   author = {Peter Morville},
   title = {Ambient Findability},
   publisher = {O'Reilly},
   year = {2005}
}

@book{LuceneInAction05,
   author = {Otis Gospodnetic and Erik Hatcher},
   title = {Lucene in Action},
   publisher = {Manning},
   year = {2005}
}

@phdthesis{ThoManhNguyen05,
	author = {Tho Manh Nguyen},
	title = {Zero-Latency Data Warehousing},
    school = {University of Technology Vienna},
    year = {2005}
}

@phdthesis{LudgerFiege05,
	author = {Ludger Fiege05},
	title = {Visibility in Event-Based Systems},
    school = {Technische Universität Darmstadt},
    year = {2005}
}

@article{Cusumano05,
	author = {Michaela Cusumano},
	title = {Google: What It Is and What It Is Not},
    journal = {Communications of the ACM},
    year = {2005}
}

@article{Lamport78,
	author = {Leslie Lamport},
	title = {Time, Clocks, and the Ordering of Events in a Distributed System},
    journal = {Communications of the ACM},
    year = {1978}
}

@article{LiuMok,
	author = {G. Liu and A.K. Mok and E.J. Yang},
	title = {Composite Events for Network Event Correlation},
    journal = {Proceedings of the Sixth IFIP/IEEE International Symposium},
    year = {1999}
}

@article{GEM95,
	author = {Mansouri-Samani Morris Sloman},
	title = {GEM: a generalized event monitoring language for distributed systems},
    journal = {The Institution of Electrical Engineers and IOP Publishing Ltd},
    year = {1995}
}

@article{TjoaNguyenKickinger04,
	author = {Tho Manh Nguyen and A Min Tjoa and Guenter Kickinger and Peter Brezany},
	title = {Towards Service Collaboration Model in Grid-based Zero Latency Data Stream Warehouse (GZLDSWH)},
    journal = {Proceedings of the 2004 IEEE International Conference on Services Computing},
    year = {2004}
}

@article{Luckham06,
	author = {David Luckham},
	title = {Achieving Instant Insight into Real-time Electronix Enterprise},
    journal = {},
    year = {2006}
}

@article{LuckhamManensPark,
	author = {David Luckham and Antoine Manens and Sumit Bhansali and Woosang Park and Susheel Daswani},
	title = {Modeling and Causal Event Simulations of Electronic Business Processes},
    journal = {},
    year = {2005}
}

@article{NguyenSchieferTjoa05,
	author = {Tho Manh Nguyen and Josef Schiefer and A Min Tjoa},
	title = {SARESA: An approach towards a real-time business intelligence solution and its use for fraud detection application},
    journal = {ACM},
    year = {2005}
}

@article{Hackathorn02,
	author = {Richard Hackathorn},
	title = {Curent Practices in Active Data Warehousing},
    journal = {DMReview},
    year = {2002}
}

@misc{SenactiveWebpage,
	title = {Senactive GmbH Webpage},
	author = {Senactive GmbH},
	howpublished = {www.senactive.at},
	month = 03,
	year = 2006
}

@misc{OpenViewHP,
	title = {HP Open View product brief},
	author = {Hewlett Packard},
	howpublished = {www.hp.com},
	month = {03},
	year = {2006}
}

@misc{LuceneQueryDescriptionPage,
	title = {Lucene Query Examples},
	author = {Lucene - Apache Foundation},
	howpublished = {http://lucene.apache.org/java/docs/queryparsersyntax.html},
	month = {03},
	year = {2006}
}

@misc{LuceneQueryParserAPI,
	title = {Lucene QueryParser API},
	author = {Lucene - Apache Foundation},
	howpublished = {http://lucene.apache.org/java/docs/api/org/apache/lucene/queryParser/QueryParser.html},
	month = {03},
	year = {2006}
}

@misc{PostgresDoc06,
	title = {Postgres 8.1 documentation},
	author = {Lucene - Apache Foundation},
	howpublished = {http://www.postgres.org},
	month = {03},
	year = {2006}
}